<?xml version="1.0" encoding="UTF-8"?><collection xmlns="http://www.loc.gov/MARC21/slim"><record><leader>00459nam--2200157-i-4500</leader><controlfield tag="001">000019146</controlfield><controlfield tag="002">20161230</controlfield><controlfield tag="005">20161230201033</controlfield><controlfield tag="008">060222s1000------------r-----000-0-eng-d</controlfield><datafield ind1=" " ind2=" " tag="040"><subfield code="a">IFIN-HH</subfield></datafield><datafield ind1=" " ind2=" " tag="080"><subfield code="a">539.143.43</subfield></datafield><datafield ind1="1" ind2=" " tag="110"><subfield code="a">Akademia Nauk SSSR</subfield></datafield><datafield ind1="1" ind2="0" tag="245"><subfield code="a">Paramagnitnii rezonans 1944-1969</subfield><subfield code="b">Vsesoyuziaia yubileinaia konferentia (kazahi, 24-29 iiunia 1969g)</subfield></datafield><datafield ind1=" " ind2=" " tag="260"><subfield code="a">Moskva</subfield><subfield code="b">Nauka</subfield><subfield code="c">1971</subfield></datafield><datafield ind1=" " ind2=" " tag="852"><subfield code="a">36310</subfield><subfield code="c">539.143.43</subfield></datafield><datafield ind1=" " ind2=" " tag="CAT"><subfield code="a">Sys</subfield><subfield code="c">20120508</subfield><subfield code="h">104543</subfield></datafield></record></collection>